<?xml version='1.0' encoding='UTF-8'?>
<record xmlns="http://www.loc.gov/MARC21/slim">
  <leader>01800cam a2200409 a 4500</leader>
  <controlfield tag="001">416790</controlfield>
  <controlfield tag="003">NjP</controlfield>
  <controlfield tag="005">20170605130350.0</controlfield>
  <controlfield tag="008">871216s1936    mr            000 0dara d</controlfield>
  <datafield tag="024" ind1="7" ind2=" ">
    <subfield code="a">princeton_aco002739</subfield>
    <subfield code="2">local</subfield>
  </datafield>
  <datafield ind1=" " ind2=" " tag="035">
    <subfield code="a">(OCoLC)23695449</subfield>
  </datafield>
  <datafield ind1=" " ind2=" " tag="035">
    <subfield code="a">(OCoLC)ocn175785550</subfield>
  </datafield>
  <datafield ind1=" " ind2=" " tag="035">
    <subfield code="a">(OCoLC)175785550</subfield>
  </datafield>
  <datafield ind1=" " ind2=" " tag="035">
    <subfield code="a">(CStRLIN)NJPG87-B62653</subfield>
  </datafield>
  <datafield ind1=" " ind2=" " tag="035">
    <subfield code="9">ABZ2327TS</subfield>
  </datafield>
  <datafield ind1=" " ind2=" " tag="035">
    <subfield code="a">(NjP)416790</subfield>
  </datafield>
  <datafield ind1=" " ind2=" " tag="040">
    <subfield code="a">NjP</subfield>
    <subfield code="c">PUL</subfield>
    <subfield code="d">PUL</subfield>
  </datafield>
  <datafield ind1=" " ind2=" " tag="043">
    <subfield code="a">f-mr---</subfield>
  </datafield>
  <datafield ind1=" " ind2=" " tag="049">
    <subfield code="a">PULL</subfield>
  </datafield>
  <datafield ind1=" " ind2=" " tag="079">
    <subfield code="a">ocm23695449</subfield>
  </datafield>
  <datafield ind1="1" ind2=" " tag="100">
    <subfield code="6">880-01</subfield>
    <subfield code="a">Andalusī, Muḥammad bin ʻAlī.</subfield>
  </datafield>
  <datafield ind1="1" ind2="0" tag="240">
    <subfield code="6">880-02</subfield>
    <subfield code="a">Nasamāt al-nadiyah</subfield>
  </datafield>
  <datafield ind1="1" ind2="0" tag="245">
    <subfield code="6">880-03</subfield>
    <subfield code="a">Kitāb al-nasamāt al-nadiyah :</subfield>
    <subfield code="b">min nashr tarjamat al-Imām Abī al-ʻAbbās al-Sayyid Aḥmad Dunyah /</subfield>
    <subfield code="c">li-ḥāfīdihi Muḥammad bin ʻAlī al-Andalusī al-Rabāṭī.</subfield>
  </datafield>
  <datafield ind1=" " ind2=" " tag="260">
    <subfield code="6">880-04</subfield>
    <subfield code="a">Rabāṭ :</subfield>
    <subfield code="b">al-Maṭbaʻah al-Iqtiṣādīyah,</subfield>
    <subfield code="c">1355 [1936 or 1937]</subfield>
  </datafield>
  <datafield ind1=" " ind2=" " tag="300">
    <subfield code="a">101 p. ;</subfield>
    <subfield code="c">24 cm.</subfield>
  </datafield>
  <datafield ind1="1" ind2="0" tag="600">
    <subfield code="6">880-05</subfield>
    <subfield code="a">Dunyah, Bū al-ʻAbbās Aḥmad.</subfield>
    <subfield code="0">http://id.loc.gov/authorities/names/nr91007270</subfield>
  </datafield>
  <datafield ind1=" " ind2="0" tag="650">
    <subfield code="a">Scholars, Muslim</subfield>
    <subfield code="z">Morocco.</subfield>
  </datafield>
  <datafield ind1="0" ind2=" " tag="740">
    <subfield code="6">880-06</subfield>
    <subfield code="a">Nasamāt al-nadiyah.</subfield>
  </datafield>
  <datafield ind1="1" ind2=" " tag="880">
    <subfield code="6">100-01/r</subfield>
    <subfield code="a">اندلسي، محمد بن علي.</subfield>
  </datafield>
  <datafield ind1="1" ind2="0" tag="880">
    <subfield code="6">240-02/r</subfield>
    <subfield code="a">نسمات الندية</subfield>
  </datafield>
  <datafield ind1="1" ind2="0" tag="880">
    <subfield code="6">245-03/r</subfield>
    <subfield code="a">كتاب النسمات الندية :</subfield>
    <subfield code="b">من نشر ترجمة الامام ابي العباس السيد احمد دنية /</subfield>
    <subfield code="c">لحافيده محمد بن علي الاندلسي الرباطي.</subfield>
  </datafield>
  <datafield ind1=" " ind2=" " tag="880">
    <subfield code="6">260-04/r</subfield>
    <subfield code="a">رباط :</subfield>
    <subfield code="b">المطبعة الاقتصادية،</subfield>
    <subfield code="c">1355 [1936 or 1937]</subfield>
  </datafield>
  <datafield ind1="1" ind2="0" tag="880">
    <subfield code="6">600-05/r</subfield>
    <subfield code="a">دنية، بوا العباس احمد.</subfield>
  </datafield>
  <datafield ind1="0" ind2=" " tag="880">
    <subfield code="6">740-06/r</subfield>
    <subfield code="a">نسمات الندية.</subfield>
  </datafield>
  <datafield ind1=" " ind2=" " tag="998">
    <subfield code="a">02/20/91</subfield>
    <subfield code="s">9118</subfield>
    <subfield code="n">NjP</subfield>
    <subfield code="w">NJPG87B62653</subfield>
    <subfield code="d">12/16/87</subfield>
    <subfield code="c">JEB</subfield>
    <subfield code="b">JEB</subfield>
    <subfield code="i">910220</subfield>
    <subfield code="l">NJPG</subfield>
  </datafield>
  <datafield ind1=" " ind2=" " tag="911">
    <subfield code="a">19921028</subfield>
  </datafield>
  <datafield ind1=" " ind2=" " tag="912">
    <subfield code="a">19960513052554.0</subfield>
  </datafield>
  <datafield ind1=" " ind2=" " tag="994">
    <subfield code="a">C0</subfield>
    <subfield code="b">PUL</subfield>
  </datafield>
  <datafield ind1=" " ind2=" " tag="999">
    <subfield code="a">416790</subfield>
  </datafield>
  <datafield ind1="0" ind2="0" tag="852">
    <subfield code="0">453919</subfield>
    <subfield code="b">rcppa</subfield>
    <subfield code="t">1</subfield>
    <subfield code="h">BP80.D86</subfield>
    <subfield code="i">A52</subfield>
    <subfield code="x">tr fr arab</subfield>
  </datafield>
  <datafield ind1=" " ind2=" " tag="959">
    <subfield code="a">2000-06-13 00:00:00 -0500</subfield>
  </datafield>
</record>
